<?xml version="1.0" encoding="UTF-8"?><collection xmlns="http://www.loc.gov/MARC21/slim"><record><leader>00405nam--2200145-i-4500</leader><controlfield tag="001">000025438</controlfield><controlfield tag="002">20161230</controlfield><controlfield tag="005">20161230201035</controlfield><controlfield tag="008">060222s1000------------r-----000-0-eng-d</controlfield><datafield ind1=" " ind2=" " tag="080"><subfield code="a">530.145</subfield></datafield><datafield ind1=" " ind2=" " tag="100"><subfield code="a">Jost, Res</subfield></datafield><datafield ind1=" " ind2=" " tag="245"><subfield code="a">The general theory of quantized fields</subfield></datafield><datafield ind1=" " ind2=" " tag="260"><subfield code="a">Providence, R.I., American Mathematical Society, 1965, Xv + 157p</subfield></datafield><datafield ind1=" " ind2=" " tag="490"><subfield code="a">Lectures In Applied Mathematics</subfield></datafield><datafield ind1=" " ind2=" " tag="852"><subfield code="a">30649</subfield></datafield></record></collection>